@misc{style_guide,
  title={西安财经大学本科毕业论文（设计）撰写规范},
  howpublished = {\url{https://co2.cnki.net/Details.html?dp=xaufe&noticeId=24&typeId=160l}},
  year={2020},
  month={11},
  day={18},
  note={网页内容备份与\url{https://github.com/chenboshuo/XAUFE_thesis_template/blob/main/thesis/reference/official_requests/style_guide.pdf}},
}
@misc{style_guide_tong_ji,
  title={关于统计学院2022届本科毕业论文（设计）工作安排的通知},
  howpublished = {\url{http://tongji.xaufe.edu.cn/info/1050/1896.htm}},
  year={2021},
  month={11},
  day={4},
  note={互联网档案馆存档(需要访问国际互联网):\url{https://web.archive.org/web/20220109123504/http://tongji.xaufe.edu.cn/info/1050/1896.htm},
  附件中的封面文件备份与\url{https://github.com/chenboshuo/XAUFE_thesis_template/blob/main/thesis/reference/official_requests/cover.doc}}
}
